@BOOK {Sakurai1994,
    author    = "J. J. Sakurai",
    title     = "Modern Quantum Mechanics (Revised Edition)",
    publisher = "Addison-Wesley Publishing Company",
    year      = "1994"
}

@BOOK {Knuth2011,
    author    = "Donald E. Knuth",
    title     = "The Art of Computer Programming",
    publisher = "Addison-Wesley Publishing Company",
    year      = "2011",
    volume    = "3"
}

@BOOK {Cormen2009,
    author    = "Thomas H. Cormen, Charles E. Leiserson, Ronald L. Rivest, Clifford Stein",
    title     = "Introduction to Algorithms",
    publisher = "MIT Press",
    year      = "2009",
    edition   = "third"
}

@BOOK {Ramond2010,
    author    = "Pierre Ramond",
    title     = "Group Theory-A Physicist's Survey",
    publisher = "Cambridge University Press",
    year      = "2010",
    edition   = "first"
}

@ARTICLE {Zhao2008,
    author  = "Yufei Zhao",
    title   = "Young tableaux and the representations of the symmetric group",
    journal = "Harvard College Mathematics Review 2",
    year    = "2008",
    pages   = "33-45"
}

@ARTICLE {Yong2007,
    author  = "Alexander Yong",
    title   = "What Is... A Young Tableaux?",
    journal = "Notices of the AMS",
    year    = "2007",
    volume  = "54",
    number  = "2"
}

@BOOK {Fulton1997,
    author    = "William Fulton",
    title     = "Young Tableaux - With Applications to Representation Theory and Geometry",
    publisher = "Cambridge University Press",
    year      = "1997"
}